










@article{paper,
    author =       "Hansen, Thomas F. et al",
    title =        "Evolvability and genetic constraint in Dalechampia blossoms: Genetic correlations and conditional evolvability",
    journal =      "Journal of Experimental Zoology Part B: Molecular and Developmental Evolution",
    volume =       "296B",
    pages =        "23-39",
    year =         "2003",
    DOI =      "https://doi.org/10.1002/jez.b.14"  
}

